<?xml version='1.0' encoding='utf-8'?>
<record xmlns="http://www.loc.gov/MARC21/slim" xmlns:xsi="http://www.w3.org/2001/XMLSchema-instance">
  <leader>00000cas^a22003611^^4500</leader>
  <controlfield tag="001">003930685</controlfield>
  <controlfield tag="005">20100208141852.0</controlfield>
  <controlfield tag="008">951027c19819999miuuu1p^^^^^^^0uuua0eng^d</controlfield>
  <datafield tag="010" ind1=" " ind2=" ">
    <subfield code="a">sn 80000795</subfield>
  </datafield>
  <datafield tag="022" ind1="0" ind2=" ">
    <subfield code="a">0198-6848</subfield>
  </datafield>
  <datafield tag="035" ind1=" " ind2=" ">
    <subfield code="a">(RLIN)MIUG87-S437</subfield>
  </datafield>
  <datafield tag="035" ind1=" " ind2=" ">
    <subfield code="a">(CaOTULAS)159952330</subfield>
  </datafield>
  <datafield tag="035" ind1=" " ind2=" ">
    <subfield code="9">(UL)AAH1818</subfield>
  </datafield>
  <datafield tag="035" ind1=" " ind2=" ">
    <subfield code="a">(OCoLC)6213628</subfield>
  </datafield>
  <datafield tag="040" ind1=" " ind2=" ">
    <subfield code="a">NSDP</subfield>
    <subfield code="d">m.c.</subfield>
    <subfield code="d">NST</subfield>
    <subfield code="d">MH</subfield>
    <subfield code="d">NST</subfield>
    <subfield code="d">MiU</subfield>
    <subfield code="d">MiU-H</subfield>
  </datafield>
  <datafield tag="042" ind1=" " ind2=" ">
    <subfield code="a">nsdp</subfield>
    <subfield code="a">lcd</subfield>
  </datafield>
  <datafield tag="043" ind1=" " ind2=" ">
    <subfield code="a">n-us---</subfield>
  </datafield>
  <datafield tag="110" ind1="2" ind2=" ">
    <subfield code="a">Inter-university Consortium for Political and Social Research.</subfield>
  </datafield>
  <datafield tag="210" ind1="0" ind2=" ">
    <subfield code="a">ICPSR bull.</subfield>
  </datafield>
  <datafield tag="222" ind1="0" ind2="0">
    <subfield code="a">ICPSR bulletin</subfield>
  </datafield>
  <datafield tag="245" ind1="1" ind2="0">
    <subfield code="a">ICPSR bulletin.</subfield>
  </datafield>
  <datafield tag="246" ind1="3" ind2=" ">
    <subfield code="a">Inter-University Consortium for Political and Social Research bulletin</subfield>
  </datafield>
  <datafield tag="246" ind1="0" ind2="0">
    <subfield code="a">I.C.P.S.R. bulletin</subfield>
  </datafield>
  <datafield tag="260" ind1=" " ind2=" ">
    <subfield code="a">Ann Arbor, MI,</subfield>
    <subfield code="b">Inter-University Consortium for Political and Social Research.</subfield>
  </datafield>
  <datafield tag="300" ind1=" " ind2=" ">
    <subfield code="a">v.</subfield>
    <subfield code="c">28 cm.</subfield>
  </datafield>
  <datafield tag="362" ind1="0" ind2=" ">
    <subfield code="a">July 1981-</subfield>
  </datafield>
  <datafield tag="580" ind1=" " ind2=" ">
    <subfield code="a">Forms part of the Inter-university Consortium for Political and Social Research. Publications, 1962-[ongoing].</subfield>
  </datafield>
  <datafield tag="650" ind1=" " ind2="0">
    <subfield code="a">Social sciences</subfield>
    <subfield code="x">Research</subfield>
    <subfield code="z">United States</subfield>
    <subfield code="x">Periodicals.</subfield>
  </datafield>
  <datafield tag="651" ind1=" " ind2="0">
    <subfield code="a">United States</subfield>
    <subfield code="x">Politics and government</subfield>
    <subfield code="v">Periodicals.</subfield>
  </datafield>
  <datafield tag="773" ind1="1" ind2=" ">
    <subfield code="a">Inter-university Consortium for Political and Social Research</subfield>
    <subfield code="t">Inter-university Consortium for Political and Social Research publications</subfield>
    <subfield code="w">BBM8747</subfield>
  </datafield>
  <datafield tag="850" ind1=" " ind2=" ">
    <subfield code="a">CSt</subfield>
    <subfield code="a">GASU</subfield>
    <subfield code="a">GU</subfield>
    <subfield code="a">ICU</subfield>
    <subfield code="a">IeN</subfield>
    <subfield code="a">IaAS</subfield>
    <subfield code="a">InLP</subfield>
    <subfield code="a">MCM</subfield>
    <subfield code="a">MH</subfield>
    <subfield code="a">MdBJ</subfield>
    <subfield code="a">MiDW</subfield>
    <subfield code="a">NcRS</subfield>
    <subfield code="a">NjR</subfield>
    <subfield code="a">TxU</subfield>
  </datafield>
  <datafield tag="852" ind1="8" ind2=" ">
    <subfield code="a">MiU-H</subfield>
    <subfield code="b">BENT</subfield>
    <subfield code="h">0071 Bimu 2</subfield>
  </datafield>
  <datafield tag="998" ind1=" " ind2=" ">
    <subfield code="c">MLJ</subfield>
    <subfield code="s">9110</subfield>
  </datafield>
  <datafield tag="LKR" ind1=" " ind2=" ">
    <subfield code="a">UP</subfield>
    <subfield code="b">004233576</subfield>
    <subfield code="l">MIU01</subfield>
    <subfield code="r">773</subfield>
    <subfield code="m">ICPSR bulletin</subfield>
    <subfield code="n">[Inter-university Consortium for Political and Social Research publications].</subfield>
  </datafield>
  <datafield tag="955" ind1=" " ind2=" ">
    <subfield code="b">BENT</subfield>
    <subfield code="p">B1678389</subfield>
  </datafield>
</record>
